@article{gothwal2011cardiac,
  title={Cardiac arrhythmias detection in an ECG beat signal using fast fourier transform and artificial neural network},
  author={Gothwal, Himanshu and Kedawat, Silky and Kumar, Rajesh and others},
  journal={Journal of Biomedical Science and Engineering},
  volume={4},
  number={04},
  pages={289},
  year={2011},
  publisher={Scientific Research Publishing}
}

@inproceedings{федотова2020роль,
  title={РОЛЬ ВАРИАБЕЛЬНОСТИ РИТМА СЕРДЦА В ОЦЕНКЕ ПРОЦЕССА АДАПТАЦИИ К ФИЗИЧЕСКИМ НАГРУЗКАМ СПОРТСМЕНОВ},
  author={Федотова, Ирина Викторовна and Сливина, Людмила Петровна and Меновщикова, Ольга Игоревна},
  booktitle={The 11th International scientific and practical conference “Eurasian scientific congress”(November 1-3, 2020) Barca Academy Publishing, Barcelona, Spain. 2020. 613 p.},
  pages={120},
  year={2020}
}

@inproceedings{bolanos2006comparison,
  title={Comparison of heart rate variability signal features derived from electrocardiography and photoplethysmography in healthy individuals},
  author={Bolanos, M and Nazeran, H and Haltiwanger, E},
  booktitle={2006 International Conference of the IEEE Engineering in Medicine and Biology Society},
  pages={4289--4294},
  year={2006},
  organization={IEEE}
}